@online{UsingPythonInHS,
    author = {Grandell, Peltomäki, Back, Salakoski},
    title = {Why complicate things?: introducing programming in high school using Python},
    url = {https://dl.acm.org/doi/10.5555/1151869.1151880},
    publisher = {Australian Computer Society, Inc 2006}
}

@online{PythonBeginnerProgrammingLanguage,
    author = {Vladyslav Kruglyk, Michael Lvov},
    title = {Choosing the First Educational Programming Language},
    url = {https://ceur-ws.org/Vol-848/ICTERI-2012-CEUR-WS-paper-37-p-188-198.pdf},
    publisher = {Kherson State University, 2012}
}

@unpublished{SS_lecture_8, 
    author = {Giorgio Bacci},
    title = {Syntax and Semantics
Basic principles of Operational Semantics},
    Year = {2023},
    }

@unpublished{SS_lecture_10, 
    author = {Giorgio Bacci},
    title = {Syntax and Semantics
Type Systems},
    Year = {2023},
    }

@online{TDD,
    author = {Matt Heusser},
    title = {test-driven development (TDD) },
    url = {https://www.techtarget.com/searchsoftwarequality/definition/test-driven-development},
    publisher = {TechTarget}
}

@unpublished{SS_lecture_12, 
    author = {Giorgio Bacci},
    title = {Syntax and Semantics
Blocks and Procedures},
    Year = {2023},
    }

@online{exceptionhandling,
    author = {Charles P. Shelton},
    title = {Exception Handling},
    url = {https://users.ece.cmu.edu/~koopman/des_s99/exceptions/},
    publisher = {Carnegie Mellon University}    
}

@article{STEP,
    author = {Casper B. Roskær, Mikkel R. Stidsen, Nicolai H. Jørgensen, Nikolaj Dam, Sarmilan Tharmabalan, Tobias Lausten},
    title = {Step Towards Effective Programming},
    publisher = {Aalborg University}
    year = {2022},
    }

@online{popularblockbased,
    title = {Top 10 Block Programming tools},
    url = {https://thetechnoknowledge.com/top-10-block-programming-tools/},
    publisher = {thetechnoknowledge.com}
}

@online{ProgrammingImportant,
    author = {Vanshinka},
    title = {Why is Programming important? The importance of computer programming explained},
    url = {https://codedamn.com/news/programming/why-is-programming-important-2},
    publisher = {codedamn.com}
}

@online{progEvalArticle, 
    author = {ngwes},
    title = {Programming Language Evaluation Criteria Part 2: Writability, Reliability, Cost},
    url = {https://medium.com/@thisisfordeveloper/programming-language-evaluation-criteria-part-2-writability-reliability-cost-6c3029c9d957},
    publisher = {medium.com}
}

@online{LearningCodeIsHard,
    author = {Erik Trautman},
    title = {Why Learning to Code is So Damn Hard},
    url = {https://www.thinkful.com/blog/why-learning-to-code-is-so-damn-hard/},
    publisher = {Thinkful}
}

@book{Scratchblocks, 
  place={San Francisco, CA}, 
  title={Learn to program with Scratch: A Visual Introduction to programming with games, Art, science, and math},
  url={https://nostarch.com/download/samples/Learn-Scratch-05.pdf},
  journal={Learn Scratch 05},
  publisher={No Starch Press},
  author={Marji, Majed and Pollock, William and Law, Alison and Salameh, Tina},
  year={2014}
} 

@online{Scratchpopular,
    author = {},
    title = {All About Scratch - The World's Most Popular Programming Language For Kids},
    url = {https://www.codetigers.com/post/all-about-scratch-the-world-s-most-popular-programming-language-for-kids},
    publisher = {Codetigers}
}

@online{demandforlanguages,
    author = {Vasyl Lagutin},
    title = {Why Are There So Many Programming Languages?},
    url = {https://www.freecodecamp.org/news/why-are-there-so-many-programming-languages/},
    publisher = {freeCodeCamp}
}

@online{p4-project-rep,
    author = {CS-23-SW-4-01},
    title = {P4-project GitHub Repository},
    url = {https://github.com/thomasbjeldbak/P4-project},
}

@online{scratchabout,
    author = {},
    title = {About Scratch},
    url = {https://scratch.mit.edu/about},
    publisher = {Scratch}
}


@online{PythonLanguageReference,
    author = {Python},
    title = {The Python Language Reference},
    url = {https://docs.python.org/3/reference/index.html},
    publisher = {Python 2023}
}

@book{conceptsofproglang,
  title={Concepts of programming languages},
  author={Sebesta, Robert W},
  year={2016},
  publisher={Pearson Education Limited},
}

@book{craftingcompiler,
  title={Crafting a Compiler},
  author={Charles N. Fischer, Ron K. Cytron, Richard J. LeBlanc, Jr.},
  year={2009},
  publisher={Addison Wesley},
}

@book{transtrees,
  title={Transitions and Trees},
  author={Hans Hüttel},
  year={2010},
  publisher={Cambridge University Press},
}

@online{TopProgrammingLanguages2022,
    author = {Stephen Cass},
    title = {Top Programming Languages 2022},
    url = {https://spectrum.ieee.org/top-programming-languages-2022},
    publisher = {IEEE Spectrum, 2023}
    }



@online{QuorumProgLang,
    author = {Quorum},
    title = {The Quorum Programming Language},
    url = {https://quorumlanguage.com/evidence.html},
    publisher = {Quorum, 2021}
    }

@online{QuorumVid,
    author = {DoIt},
    title = {Quorum: An Accessible Programming Language},
    url = {https://www.washington.edu/doit/videos/index.php?vid=76},
    publisher = {DoIt, 2017}
    }

@online{PythonGoodForBegin,
    author = {University of Texas},
    title = {Why Learn Python? Five Reasons to Start Programming With Python},
    url = {https://techbootcamps.utexas.edu/blog/why-learn-python-get-started-programming/},
    publisher = {University of Texas, 2023}
    }

@online{FactorsDifficultiesInProgramming,
    author = {Chin Soon Cheah},
    title = {Factors Contributing to the Diffuculties in Teaching and Learning of Computer Programming: A Literature Review},
    url = {https://www.cedtech.net/download/factors-contributing-to-the-difficulties-in-teaching-and-learning-of-computer-programming-a-8247.pdf},
    publisher = {Apr 2020}
    }
    
@online{FromBlockToText,
    author = {David Weintrop},
    title = {Transitioning from introductory block-based and text-based environments to professional programming languages in high school computer science classrooms},
    url = {https://www.sciencedirect.com/science/article/pii/S036013151930199X#bib15},
    publisher = {ScienceDirect, December 2019}
    }

@online{FunTechBlockBased,
    author = {FunTechBlog},
    title = {How Does Block-Based Programming Make Coding Easier?},
    url = {https://funtech.co.uk/latest/how-does-block-based-programming-make-coding-easier},
    publisher = {FunTech}
    }


@online{Dynamic_Typing,
    author = {Mozilla},
    title = {Dynamic typing
},
    url = {https://developer.mozilla.org/en-US/docs/Glossary/Dynamic_typing},
    publisher = {Mozilla}
    }
    
@online{ScratchEksempelBillede,
    author = {Scratch},
    title = {Scratch User Interface},
    url = {https://en.scratch-wiki.info/wiki/User_Interface},
    publisher = {Scratch}
}


@online{5ReasonsForC,
    author = {Amrit Pal Singh},
    title = {5 Reasons Why You Should Learn C As Your First Language},
    url = {https://levelup.gitconnected.com/5-reasons-why-a-you-should-learn-c-as-your-first-language-7db054620bc0},
    publisher = {Level Up Coding, October 2021}
}

@online{ProgrammingParadigme,
    author = {GeekForGeeks},
    title = {Difference Between Imperative and Declarative Programming},
    url = {https://www.geeksforgeeks.org/difference-between-imperative-and-declarative-programming/},
    publisher = {GeekForGeeks, December 2022}
}

@online{ProgrammingParadigme,
    author = {GeekForGeeks},
    title = {Difference Between Imperative and Declarative Programming},
    url = {https://www.geeksforgeeks.org/difference-between-imperative-and-declarative-programming/},
    publisher = {GeekForGeeks, December 2022}
}

@online{C-CourseExercises,
    author = {Kurt Nørmark},
    title = {Imperativ Programmering Efteråret 2021},
    url = {https://www.moodle.aau.dk/course/view.php?id=39338#section-0},
    publisher = {AAU Moodle}
}

@online{CodeAcademyExercises,
    author = {Stephan Miller},
    title = {20 Code Challenges To Put What You’re Learning to the Test},
    url = {https://www.codecademy.com/resources/blog/20-code-challenges/},
    publisher = {CodeAcademy, June 2021}
}

@online{PythonBasicsExercise,
    author = {PythonBasics},
    title = {Learn Python Programming},
    url = {https://pythonbasics.org/exercises/},
    publisher = {PythonBasics, 2021}
}



@online{WikiProgrammingParadigms,
    author = {Wikipedia},
    title = {Programming Paradigms},
    url = {https://en.wikipedia.org/wiki/Programming_paradigm},
    publisher = {Wikipedia, 2023}
}

@online{FunctionalProgrammingParadigm,
    author = {Wikipedia},
    title = {Functional Programming Paradigms},
    url = {https://en.wikipedia.org/wiki/Functional_programming},
    publisher = {Wikipedia, 2023}
}


@online{PyntaxSyntax,
    author = {W3resource},
    title = {Python Syntax},
    url = {https://www.w3resource.com/python/python-syntax.php},
    publisher = {w3resource, 2022}
}


@online{WikiCLang,
    author = {Wikipedia},
    title = {C programming language},
    url = {https://en.wikipedia.org/wiki/C_(programming_language)},
    publisher = {Wikipedia, 2023}
}



@online{mathnasium,
    author = {Location, Eagan},
    title = {WHAT IS PEMDAS?},
    url = {https://www.mathnasium.com/eagan/news/what-pemdas-e},
    publisher = {mathnasium, September 2022}
}

@article{miller2001acceptance,
  title={Acceptance Testing},
  author={Miller, Roy and Collins, Christopher T},
  journal={Proc. XPUniverse},
  volume={238},
  year={2001},
  url = {http://www.dsc.ufcg.edu.br/~jacques/cursos/map/recursos/Testing05.pdf)}
}

@online{unittestbasics,
    title = {Unit test basics},
    url = {https://learn.microsoft.com/en-us/visualstudio/test/unit-test-basics?view=vs-2022},
    publisher = {Microsoft, November 2022}
}

@online{nunit,
    title = {NUnit},
    url = {https://nunit.org/}
}

@online{ParsingGuide,
    author = {Gabriele Tomassetti }
    title = {A Guide to Parsing: Algorithms and Terminology},
    url = {https://tomassetti.me/guide-parsing-algorithms-terminology/},
    publisher = {STRUMENTA, September 2017}
}

@online{VisitorWIKI,
    author = {Wikipedia}
    title = {Visitor Pattern},
    url = {https://en.wikipedia.org/wiki/Visitor_pattern},
    publisher = {Wikipedia}
}

%SPO KURSER 
@unpublished{SPO_Topic_3, 
    author = {Bent Thomsen},
    title = {Languages and Compilers, The ac language and compiler },
    Year = {2023},
    }
    
@unpublished{SPO_Topic_5, 
    author = {Bent Thomsen},
    title = {Languages and Compilers, Context Free Grammars },
    Year = {2023},
    }

@unpublished{SPO_Topic_10, 
    author = {Bent Thomsen},
    title = {Languages and Compilers, Scopes and Symbol Tables },
    Year = {2023},
    }

@online{AdobeProjectSprints,
    author = {Adobe},
    title = {Project Sprints},
    url = {https://business.adobe.com/blog/basics/sprints},
    publisher = {Adobe}
}

@online{whatisversioncontrol,
    author = {Atlassian},
    title = {What is version control},
    url = {https://www.atlassian.com/git/tutorials/what-is-version-control},
    publisher = {Atlassian}
}

@online{overleafwikipedia,
    author = {Wikipedia},
    title = {Overleaf},
    url = {https://en.wikipedia.org/wiki/Overleaf},
    publisher = {Wikipedia}
}

@online{discordwikipedia,
    author = {Wikipedia},
    title = {Discord},
    url = {https://en.wikipedia.org/wiki/Discord},
    publisher = {Wikipedia}
}

@online{outlookwikipedia,
    author = {Wikipedia},
    title = {Outlook},
    url = {https://en.wikipedia.org/wiki/Microsoft_Outlook},
    publisher = {Wikipedia}
}

@online{chatgptwikipedia,
    author = {Wikipedia},
    title = {ChatGPT},
    url = {https://en.wikipedia.org/wiki/ChatGPT},
    publisher = {Wikipedia}
}

@online{jira,
    author = {Atlassian},
    title = {ChatGPT},
    url = {https://www.atlassian.com/software/jira},
    publisher = {Atlassian}
}

@online{IBM,
    author = {IBM},
    title = {Metacharacters},
    url = {https://www.ibm.com/docs/en/informix-servers/14.10?topic=matching-metacharacters},
    publisher = {IBM}
}

@online{Float7Dec,
    author = {Ihechikara Vincent Abba},
    title = {Double VS Float in C++ – The Difference Between Floats and Doubles},
    url = {https://www.freecodecamp.org/news/double-vs-float-in-cpp-the-difference-between-floats-and-doubles/},
    publisher = {FreeCodeCamp, maj 2022}
}

